@misc{yang2024largelanguagemodelsoptimizers,
  title         = {Large Language Models as Optimizers},
  author        = {Chengrun Yang and Xuezhi Wang and Yifeng Lu and Hanxiao Liu and Quoc V. Le and Denny Zhou and Xinyun Chen},
  year          = {2024},
  eprint        = {2309.03409},
  archiveprefix = {arXiv},
  primaryclass  = {cs.LG},
  url           = {https://arxiv.org/abs/2309.03409}
}

@misc{ashizawa2025banditbasedpromptdesignstrategy,
  title         = {Bandit-Based Prompt Design Strategy Selection Improves Prompt Optimizers},
  author        = {Rin Ashizawa and Yoichi Hirose and Nozomu Yoshinari and Kento Uchida and Shinichi Shirakawa},
  year          = {2025},
  eprint        = {2503.01163},
  archiveprefix = {arXiv},
  primaryclass  = {cs.AI},
  url           = {https://arxiv.org/abs/2503.01163}
}

@inproceedings{zhao2025pareto,
  title     = {Pareto Prompt Optimization},
  author    = {Guang Zhao and Byung-Jun Yoon and Gilchan Park and Shantenu Jha and Shinjae Yoo and Xiaoning Qian},
  booktitle = {The Thirteenth International Conference on Learning Representations},
  year      = {2025},
  url       = {https://openreview.net/forum?id=HGCk5aaSvE}
}

@misc{cui2024phaseevounifiedincontextprompt,
  title         = {{PhaseEvo}: Towards Unified In-Context Prompt Optimization for Large Language Models},
  author        = {Wendi Cui and Jiaxin Zhang and Zhuohang Li and Hao Sun and Damien Lopez and Kamalika Das and Bradley Malin and Sricharan Kumar},
  year          = {2024},
  eprint        = {2402.11347},
  archiveprefix = {arXiv},
  primaryclass  = {cs.CL},
  url           = {https://arxiv.org/abs/2402.11347}
}

@misc{wu2024stragoharnessingstrategicguidance,
  title         = {StraGo: Harnessing Strategic Guidance for Prompt Optimization},
  author        = {Yurong Wu and Yan Gao and Bin Benjamin Zhu and Zineng Zhou and Xiaodi Sun and Sheng Yang and Jian-Guang Lou and Zhiming Ding and Linjun Yang},
  year          = {2024},
  eprint        = {2410.08601},
  archiveprefix = {arXiv},
  primaryclass  = {cs.CL},
  url           = {https://arxiv.org/abs/2410.08601}
}

@misc{kowshik2024corrsynthcorrelatedsampling,
  title         = {CorrSynth -- A Correlated Sampling Method for Diverse Dataset Generation from LLMs},
  author        = {Suhas S Kowshik and Abhishek Divekar and Vijit Malik},
  year          = {2024},
  eprint        = {2411.08553},
  archiveprefix = {arXiv},
  primaryclass  = {cs.CL},
  url           = {https://arxiv.org/abs/2411.08553}
}

@misc{patel2024datadreamertoolsyntheticdata,
  title         = {DataDreamer: A Tool for Synthetic Data Generation and Reproducible LLM Workflows},
  author        = {Ajay Patel and Colin Raffel and Chris Callison-Burch},
  year          = {2024},
  eprint        = {2402.10379},
  archiveprefix = {arXiv},
  primaryclass  = {cs.CL},
  url           = {https://arxiv.org/abs/2402.10379}
}

@misc{yu2024controlledtextgenerationblackbox,
  title         = {Controlled Text Generation for Black-box Language Models via Score-based Progressive Editor},
  author        = {Sangwon Yu and Changmin Lee and Hojin Lee and Sungroh Yoon},
  year          = {2024},
  eprint        = {2311.07430},
  archiveprefix = {arXiv},
  primaryclass  = {cs.CL},
  url           = {https://arxiv.org/abs/2311.07430}
}

@misc{nadas2025syntheticdatagenerationusing,
  title         = {Synthetic Data Generation Using Large Language Models: Advances in Text and Code},
  author        = {Mihai Nadas and Laura Diosan and Andreea Tomescu},
  year          = {2025},
  eprint        = {2503.14023},
  archiveprefix = {arXiv},
  primaryclass  = {cs.CL},
  url           = {https://arxiv.org/abs/2503.14023}
}

@misc{zhang2024lightweightmultiaspectcontrolled,
  title         = {A Lightweight Multi Aspect Controlled Text Generation Solution For Large Language Models},
  author        = {Chenyang Zhang and Jiayi Lin and Haibo Tong and Bingxuan Hou and Dongyu Zhang and Jialin Li and Junli Wang},
  year          = {2024},
  eprint        = {2410.14144},
  archiveprefix = {arXiv},
  primaryclass  = {cs.CL},
  url           = {https://arxiv.org/abs/2410.14144}
}

@misc{zhou2023largelanguagemodelshumanlevel,
  title         = {Large Language Models Are Human-Level Prompt Engineers},
  author        = {Yongchao Zhou and Andrei Ioan Muresanu and Ziwen Han and Keiran Paster and Silviu Pitis and Harris Chan and Jimmy Ba},
  year          = {2023},
  eprint        = {2211.01910},
  archiveprefix = {arXiv},
  primaryclass  = {cs.LG},
  url           = {https://arxiv.org/abs/2211.01910}
}

@misc{wei2023chainofthoughtpromptingelicitsreasoning,
  title         = {Chain-of-Thought Prompting Elicits Reasoning in Large Language Models},
  author        = {Jason Wei and Xuezhi Wang and Dale Schuurmans and Maarten Bosma and Brian Ichter and Fei Xia and Ed Chi and Quoc Le and Denny Zhou},
  year          = {2023},
  eprint        = {2201.11903},
  archiveprefix = {arXiv},
  primaryclass  = {cs.CL},
  url           = {https://arxiv.org/abs/2201.11903}
}

@misc{woo2024unifiedtraininguniversaltime,
  title         = {Unified Training of Universal Time Series Forecasting Transformers},
  author        = {Gerald Woo and Chenghao Liu and Akshat Kumar and Caiming Xiong and Silvio Savarese and Doyen Sahoo},
  year          = {2024},
  eprint        = {2402.02592},
  archiveprefix = {arXiv},
  primaryclass  = {cs.LG},
  url           = {https://arxiv.org/abs/2402.02592}
}

@misc{das2024decoderonlyfoundationmodeltimeseries,
  title         = {A decoder-only foundation model for time-series forecasting},
  author        = {Abhimanyu Das and Weihao Kong and Rajat Sen and Yichen Zhou},
  year          = {2024},
  eprint        = {2310.10688},
  archiveprefix = {arXiv},
  primaryclass  = {cs.CL},
  url           = {https://arxiv.org/abs/2310.10688}
}

@misc{ansari2024chronoslearninglanguagetime,
  title         = {Chronos: Learning the Language of Time Series},
  author        = {Abdul Fatir Ansari and Lorenzo Stella and Caner Turkmen and Xiyuan Zhang and Pedro Mercado and Huibin Shen and Oleksandr Shchur and Syama Sundar Rangapuram and Sebastian Pineda Arango and Shubham Kapoor and Jasper Zschiegner and Danielle C. Maddix and Hao Wang and Michael W. Mahoney and Kari Torkkola and Andrew Gordon Wilson and Michael Bohlke-Schneider and Yuyang Wang},
  year          = {2024},
  eprint        = {2403.07815},
  archiveprefix = {arXiv},
  primaryclass  = {cs.LG},
  url           = {https://arxiv.org/abs/2403.07815}
}

@misc{liu2024autotimesautoregressivetimeseries,
  title         = {AutoTimes: Autoregressive Time Series Forecasters via Large Language Models},
  author        = {Yong Liu and Guo Qin and Xiangdong Huang and Jianmin Wang and Mingsheng Long},
  year          = {2024},
  eprint        = {2402.02370},
  archiveprefix = {arXiv},
  primaryclass  = {cs.LG},
  url           = {https://arxiv.org/abs/2402.02370}
}

@misc{jin2024timellmtimeseriesforecasting,
  title         = {Time-LLM: Time Series Forecasting by Reprogramming Large Language Models},
  author        = {Ming Jin and Shiyu Wang and Lintao Ma and Zhixuan Chu and James Y. Zhang and Xiaoming Shi and Pin-Yu Chen and Yuxuan Liang and Yuan-Fang Li and Shirui Pan and Qingsong Wen},
  year          = {2024},
  eprint        = {2310.01728},
  archiveprefix = {arXiv},
  primaryclass  = {cs.LG},
  url           = {https://arxiv.org/abs/2310.01728}
}

@misc{williams2025contextkeybenchmarkforecasting,
  title         = {Context is Key: A Benchmark for Forecasting with Essential Textual Information},
  author        = {Andrew Robert Williams and Arjun Ashok and Ã‰tienne Marcotte and Valentina Zantedeschi and Jithendaraa Subramanian and Roland Riachi and James Requeima and Alexandre Lacoste and Irina Rish and Nicolas Chapados and Alexandre Drouin},
  year          = {2025},
  eprint        = {2410.18959},
  archiveprefix = {arXiv},
  primaryclass  = {cs.LG},
  url           = {https://arxiv.org/abs/2410.18959}
}

@misc{xiao2025timefoundfoundationmodeltime,
  title         = {TimeFound: A Foundation Model for Time Series Forecasting},
  author        = {Congxi Xiao and Jingbo Zhou and Yixiong Xiao and Xinjiang Lu and Le Zhang and Hui Xiong},
  year          = {2025},
  eprint        = {2503.04118},
  archiveprefix = {arXiv},
  primaryclass  = {cs.LG},
  url           = {https://arxiv.org/abs/2503.04118}
}

@misc{shi2025timemoebillionscaletimeseries,
  title         = {Time-MoE: Billion-Scale Time Series Foundation Models with Mixture of Experts},
  author        = {Xiaoming Shi and Shiyu Wang and Yuqi Nie and Dianqi Li and Zhou Ye and Qingsong Wen and Ming Jin},
  year          = {2025},
  eprint        = {2409.16040},
  archiveprefix = {arXiv},
  primaryclass  = {cs.LG},
  url           = {https://arxiv.org/abs/2409.16040}
}

@misc{sennrich2016improvingneuralmachinetranslation,
  title         = {Improving Neural Machine Translation Models with Monolingual Data},
  author        = {Rico Sennrich and Barry Haddow and Alexandra Birch},
  year          = {2016},
  eprint        = {1511.06709},
  archiveprefix = {arXiv},
  primaryclass  = {cs.CL},
  url           = {https://arxiv.org/abs/1511.06709}
}

@misc{yu2023largelanguagemodelattributed,
  title         = {Large Language Model as Attributed Training Data Generator: A Tale of Diversity and Bias},
  author        = {Yue Yu and Yuchen Zhuang and Jieyu Zhang and Yu Meng and Alexander Ratner and Ranjay Krishna and Jiaming Shen and Chao Zhang},
  year          = {2023},
  eprint        = {2306.15895},
  archiveprefix = {arXiv},
  primaryclass  = {cs.CL},
  url           = {https://arxiv.org/abs/2306.15895}
}

@inproceedings{fedoseev2024constraint,
  title     = {Constraint-Based Synthetic Data Generation for LLM Mathematical Reaso},
  author    = {Timofey Fedoseev and Dimitar Iliev Dimitrov and Timon Gehr and Martin Vechev},
  booktitle = {The 4th Workshop on Mathematical Reasoning and AI at NeurIPS'24},
  year      = {2024},
  url       = {https://openreview.net/forum?id=hR4Hskr4GX}
}

@misc{wang2023selfinstructaligninglanguagemodels,
  title         = {Self-Instruct: Aligning Language Models with Self-Generated Instructions},
  author        = {Yizhong Wang and Yeganeh Kordi and Swaroop Mishra and Alisa Liu and Noah A. Smith and Daniel Khashabi and Hannaneh Hajishirzi},
  year          = {2023},
  eprint        = {2212.10560},
  archiveprefix = {arXiv},
  primaryclass  = {cs.CL},
  url           = {https://arxiv.org/abs/2212.10560}
}

@misc{cui2025automaticpromptoptimizationheuristic,
  title         = {Automatic Prompt Optimization via Heuristic Search: A Survey},
  author        = {Wendi Cui and Jiaxin Zhang and Zhuohang Li and Hao Sun and Damien Lopez and Kamalika Das and Bradley A. Malin and Sricharan Kumar},
  year          = {2025},
  eprint        = {2502.18746},
  archiveprefix = {arXiv},
  primaryclass  = {cs.CL},
  url           = {https://arxiv.org/abs/2502.18746}
}

@misc{pryzant2023automaticpromptoptimizationgradient,
  title         = {Automatic Prompt Optimization with "Gradient Descent" and Beam Search},
  author        = {Reid Pryzant and Dan Iter and Jerry Li and Yin Tat Lee and Chenguang Zhu and Michael Zeng},
  year          = {2023},
  eprint        = {2305.03495},
  archiveprefix = {arXiv},
  primaryclass  = {cs.CL},
  url           = {https://arxiv.org/abs/2305.03495}
}

@misc{lewis2019bartdenoisingsequencetosequencepretraining,
  title         = {BART: Denoising Sequence-to-Sequence Pre-training for Natural Language Generation, Translation, and Comprehension},
  author        = {Mike Lewis and Yinhan Liu and Naman Goyal and Marjan Ghazvininejad and Abdelrahman Mohamed and Omer Levy and Ves Stoyanov and Luke Zettlemoyer},
  year          = {2019},
  eprint        = {1910.13461},
  archiveprefix = {arXiv},
  primaryclass  = {cs.CL},
  url           = {https://arxiv.org/abs/1910.13461}
}

@misc{shin2020autopromptelicitingknowledgelanguage,
  title         = {AutoPrompt: Eliciting Knowledge from Language Models with Automatically Generated Prompts},
  author        = {Taylor Shin and Yasaman Razeghi and Robert L. Logan IV and Eric Wallace and Sameer Singh},
  year          = {2020},
  eprint        = {2010.15980},
  archiveprefix = {arXiv},
  primaryclass  = {cs.CL},
  url           = {https://arxiv.org/abs/2010.15980}
}

@misc{lester2021powerscaleparameterefficientprompt,
  title         = {The Power of Scale for Parameter-Efficient Prompt Tuning},
  author        = {Brian Lester and Rami Al-Rfou and Noah Constant},
  year          = {2021},
  eprint        = {2104.08691},
  archiveprefix = {arXiv},
  primaryclass  = {cs.CL},
  url           = {https://arxiv.org/abs/2104.08691}
}

@misc{kaplan2020scalinglawsneurallanguage,
  title         = {Scaling Laws for Neural Language Models},
  author        = {Jared Kaplan and Sam McCandlish and Tom Henighan and Tom B. Brown and Benjamin Chess and Rewon Child and Scott Gray and Alec Radford and Jeffrey Wu and Dario Amodei},
  year          = {2020},
  eprint        = {2001.08361},
  archiveprefix = {arXiv},
  primaryclass  = {cs.LG},
  url           = {https://arxiv.org/abs/2001.08361}
}

@inbook{inbook,
  author = {Bass, Len and Clements, Paul and Kazman, Rick},
  year   = {2003},
  month  = {01},
  pages  = {},
  title  = {Software Architecture In Practice},
  isbn   = {978-0321154958}
}

@misc{lu2024referencearchitecturedesigningfoundation,
  title         = {A Reference Architecture for Designing Foundation Model based Systems},
  author        = {Qinghua Lu and Liming Zhu and Xiwei Xu and Zhenchang Xing and Jon Whittle},
  year          = {2024},
  eprint        = {2304.11090},
  archiveprefix = {arXiv},
  primaryclass  = {cs.CL},
  url           = {https://arxiv.org/abs/2304.11090}
}

@misc{opsahlong2024optimizinginstructionsdemonstrationsmultistage,
  title         = {Optimizing Instructions and Demonstrations for Multi-Stage Language Model Programs},
  author        = {Krista Opsahl-Ong and Michael J Ryan and Josh Purtell and David Broman and Christopher Potts and Matei Zaharia and Omar Khattab},
  year          = {2024},
  eprint        = {2406.11695},
  archiveprefix = {arXiv},
  primaryclass  = {cs.CL},
  url           = {https://arxiv.org/abs/2406.11695}
}

@misc{arjovsky2017wassersteingan,
  title         = {Wasserstein GAN},
  author        = {Martin Arjovsky and Soumith Chintala and LÃ©on Bottou},
  year          = {2017},
  eprint        = {1701.07875},
  archiveprefix = {arXiv},
  primaryclass  = {stat.ML},
  url           = {https://arxiv.org/abs/1701.07875}
}

@misc{karras2020analyzingimprovingimagequality,
  title         = {Analyzing and Improving the Image Quality of StyleGAN},
  author        = {Tero Karras and Samuli Laine and Miika Aittala and Janne Hellsten and Jaakko Lehtinen and Timo Aila},
  year          = {2020},
  eprint        = {1912.04958},
  archiveprefix = {arXiv},
  primaryclass  = {cs.CV},
  url           = {https://arxiv.org/abs/1912.04958}
}

@misc{perez2022redteaminglanguagemodels,
  title         = {Red Teaming Language Models with Language Models},
  author        = {Ethan Perez and Saffron Huang and Francis Song and Trevor Cai and Roman Ring and John Aslanides and Amelia Glaese and Nat McAleese and Geoffrey Irving},
  year          = {2022},
  eprint        = {2202.03286},
  archiveprefix = {arXiv},
  primaryclass  = {cs.CL},
  url           = {https://arxiv.org/abs/2202.03286}
}

@misc{liu2024evolvingknowledgedistillationlarge,
  title         = {Evolving Knowledge Distillation with Large Language Models and Active Learning},
  author        = {Chengyuan Liu and Yangyang Kang and Fubang Zhao and Kun Kuang and Zhuoren Jiang and Changlong Sun and Fei Wu},
  year          = {2024},
  eprint        = {2403.06414},
  archiveprefix = {arXiv},
  primaryclass  = {cs.CL},
  url           = {https://arxiv.org/abs/2403.06414}
}

@book{mahalle2024datacentric,
  title     = {Data-Centric Artificial Intelligence for Multidisciplinary Applications},
  editor    = {Mahalle, Parikshit N. and Wasatkar, Nilima N. and Shinde, Gajanan R.},
  publisher = {CRC Press},
  year      = {2024},
  isbn      = {9781040031131},
  url       = {https://books.google.com.au/books?id=tqUIEQAAQBAJ}
}

@article{ng2021datacentricai,
  author  = {Press, Gil},
  title   = {Andrew {Ng} Launches A Campaign For Data-Centric {AI}},
  journal = {Forbes},
  year    = {2021},
  month   = {jun},
  day     = {16},
  url     = {https://www.forbes.com/sites/gilpress/2021/06/16/andrew-ng-launches-a-campaign-for-data-centric-ai/},
  note    = {Accessed: 2024-06-30}
}